@article{Horvath2013,
    author = {Horvath, S.},
    title = {DNA methylation age of human tissues and cell types},
    journal = {Genome Biology},
    year = {2013},
    volume = {14},
    pages = {R115},
    url = {https://pubmed.ncbi.nlm.nih.gov/24138928/}
}

@article{Lu2018,
    author = {Lu, A. T. and others},
    title = {DNA methylation GrimAge strongly predicts lifespan and healthspan},
    journal = {Aging},
    year = {2018},
    volume = {11},
    issue = {2},
    pages = {303-327},
    url = {https://www.nature.com/articles/s43587-022-00248-2}
}

@article{Hannum2013,
    author = {Hannum, G. and others},
    title = {Genome-wide methylation profiles reveal quantitative views of human aging rates},
    journal = {Molecular Cell},
    year = {2013},
    volume = {49},
    issue = {2},
    pages = {359-367},
    url = {https://www.ncbi.nlm.nih.gov/pmc/articles/PMC3780611/}
}

@article{Levine2018,
    author = {Levine, M. E. and others},
    title = {An epigenetic biomarker of aging for lifespan and healthspan},
    journal = {Aging},
    year = {2018},
    volume = {10},
    issue = {4},
    pages = {573-591},
    url = {https://www.ncbi.nlm.nih.gov/pmc/articles/PMC5940111/}
}

@article{Belsky2022,
    author = {Belsky, D. W. and others},
    title = {Quantification of the pace of biological aging in humans through a blood test, DunedinPoAm: 1972-73 birth cohort},
    journal = {eLife},
    year = {2022},
    volume = {11},
    pages = {e73420},
    url = {https://www.ncbi.nlm.nih.gov/pmc/articles/PMC8853656/}
}

@misc{AndrewsBakulski2024,
    author = {Andrews, S. V. and Bakulski, K. M.},
    title = {FlowSorted.CordBlood.450k: Illumina 450k data on sorted cord blood cells},
    year = {2024},
    version = {1.32.0},
    publisher = {Bioconductor},
    journal = {Bioconductor Release (3.19)},
    url = {https://bioconductor.org/packages/release/data/experiment/html/FlowSorted.CordBlood.450k.html}
}

@misc{NCBI2021,
    author = {National Center for Biotechnology Information},
    title = {GEO dataset GSE197646},
    year = {2021},
    journal = {NCBI GEO},
    url = {https://www.ncbi.nlm.nih.gov/geo/query/acc.cgi?acc=GSE197646}
}

@article{HorvathRaj2018,
    author = {Horvath, S. and Raj, K.},
    title = {DNA methylation-based biomarkers and the epigenetic clock theory of ageing},
    journal = {Nat Rev Genet},
    year = {2018},
    volume = {19},
    issue = {6},
    pages = {371-384},
    url = {https://pubmed.ncbi.nlm.nih.gov/29643443/}
}
